%% Created using Papers on Fri, 16 Nov 2012.
%% http://mekentosj.com/papers/

@article{Sheldrick:2008,
author = {Sheldrick, G.M.},
title = {{A short history of SHELX}},
journal = {Acta Crystallographica Section A},
year = {2008},
volume = {64},
pages = {112--122}
}

@manual{SHELX:man97,
title = {{The SHELX-97 Manual}},
author = {Sheldrick, G.M.},
organization = {Dept. of Structural Chemistry, Univ. of G{\"o}ttingen},
address = {G{\"o}ttingen, Germany},
year = {1997}
}

@techreport{Nielsen:2000fr,
author = {Nielsen, H.B.},
title = {{Separable Nonlinear Least Squares}},
institution = {IMM, Department of Mathematical Modelling, Technical University of Denmark},
year = {2000},
number = {IMM-REP-2000-01}
}

